@Misc{lakera:2025,
  title     = {10 Techniques for Effective Prompt Engineering | Lakera – Protecting AI teams that disrupt the world [Электронный ресурс]},
  note      = {Режим доступа: \url{https://www.lakera.ai/blog/prompt-engineering-guide}. --- Дата доступа: 25.03.2025},
  language  = {english},
}

@Misc{learnprompt:promptstructure,
  title     = {Understanding Prompt Structure: Key Parts of a Prompt [Электронный ресурс]},
  note      = {Режим доступа: \url{https://learnprompting.org/docs/basics/prompt_structure}. --- Дата доступа: 25.03.2025},
  language  = {english},
}

@Misc{copilotworks:promptgen,
  title     = {Prompt Generator for ChatGPT, Copilot, Bard, Mistral [Электронный ресурс]},
  note      = {Режим доступа: \url{https://copilotworks.com/prompt-generator-chatgpt}. --- Дата доступа: 25.03.2025},
  language  = {english},
}

@Misc{openai:longprompts,
  title     = {How to handle long prompts that exceeds the token limit? --- API --- OpenAI Developer Community [Электронный ресурс]},
  note      = {Режим доступа: \url{https://community.openai.com/t/how-to-handle-long-prompts-that-exceeds-the-token-limit/104632}. --- Дата доступа: 25.03.2025},
  language  = {english},
}

@Misc{willison:longcontext,
  title     = {Long context prompting tips [Электронный ресурс]},
  note      = {Режим доступа: \url{https://simonwillison.net/2024/Aug/26/long-context-prompting-tips}. --- Дата доступа: 25.03.2025},
  language  = {english},
}

@Misc{reddit:prompteng,
  title     = {Prompt Engineering of LLM Prompt Engineering : r/PromptEngineering [Электронный ресурс]},
  note      = {Режим доступа: \url{https://www.reddit.com/r/PromptEngineering/comments/1hv1ni9/prompt_engineering_of_llm_prompt_engineering}. --- Дата доступа: 25.03.2025},
  language  = {english},
}

@Misc{restack:advprompt,
  title     = {Advanced Prompt Engineering Techniques | Restackio [Электронный ресурс]},
  note      = {Режим доступа: \url{https://www.restack.io/p/prompt-engineering-answer-advanced-techniques-cat-ai}. --- Дата доступа: 25.03.2025},
  language  = {english},
}

@Misc{whatplugin:promptenhancer,
  title     = {Prompt Enhancer & ChatGPT plugins for AI Development Tools Like Prompt Enhancer [Электронный ресурс]},
  note      = {Режим доступа: \url{https://www.whatplugin.ai/plugins/prompt-enhancer}. --- Дата доступа: 25.03.2025},
  language  = {english},
}

@Misc{dhruvirzala:promptperfect,
  title     = {PromptPerfect Review: Create Better Prompts Automatically [Электронный ресурс]},
  note      = {Режим доступа: \url{https://dhruvirzala.com/promptperfect}. --- Дата доступа: 25.03.2025},
  language  = {english},
}

@Misc{promptomania:midjourney,
  title     = {Midjourney prompt generator --- promptoMANIA [Электронный ресурс]},
  note      = {Режим доступа: \url{https://promptomania.com}. --- Дата доступа: 25.03.2025},
  language  = {english},
}

@Misc{howtoleverageai:midjourney,
  title     = {Midjourney Prompt Generator --- How to Leverage AI [Электронный ресурс]},
  note      = {Режим доступа: \url{https://www.howtoleverageai.com/midjourney-prompt-generator}. --- Дата доступа: 25.03.2025},
  language  = {english},
}

@Misc{neuralframes:sdprompt,
  title     = {Our Free Stable Diffusion Prompt Generator --- Neural Frames [Электронный ресурс]},
  note      = {Режим доступа: \url{https://www.neuralframes.com/tools/stable-diffusion-prompt-generator}. --- Дата доступа: 25.03.2025},
  language  = {english},
}

@Misc{feedough:sdprompt,
  title     = {The Free Stable Diffusion Prompt Generator --- Feedough [Электронный ресурс]},
  note      = {Режим доступа: \url{https://www.feedough.com/stable-diffusion-prompt-generator}. --- Дата доступа: 25.03.2025},
  language  = {english},
}

@Misc{ollama:sdprompt,
  title     = {brxce/stable-diffusion-prompt-generator --- Ollama [Электронный ресурс]},
  note      = {Режим доступа: \url{https://ollama.com/brxce/stable-diffusion-prompt-generator}. --- Дата доступа: 25.03.2025},
  language  = {english},
}

@Misc{octiai:2025,
  title     = {OctiAI | Leading AI Prompt Generator Tool 2025 [Электронный ресурс]},
  note      = {Режим доступа: \url{https://www.octiai.com}. --- Дата доступа: 25.03.2025},
  language  = {english},
}

@Misc{atlassian:microservices,
  title     = {Microservices vs. monolithic architecture | Atlassian [Электронный ресурс]},
  note      = {Режим доступа: \url{https://www.atlassian.com/microservices/microservices-architecture/microservices-vs-monolith}. --- Дата доступа: 25.03.2025},
  language  = {english},
}

@Misc{enjoyalgorithms:clientserver,
  title     = {Client Server Architecture [Электронный ресурс]},
  note      = {Режим доступа: \url{https://www.enjoyalgorithms.com/blog/client-server-architecture}. --- Дата доступа: 25.03.2025},
  language  = {english},
}

@Misc{kitrum:clientserver,
  title     = {Client-Server Architecture --- Advantages and Disadvantages --- KITRUM [Электронный ресурс]},
  note      = {Режим доступа: \url{https://kitrum.com/blog/client-server-architecture-advantages-and-disadvantages}. --- Дата доступа: 25.03.2025},
  language  = {english},
}

@Misc{arxiv:2211.01910,
  title     = {Large Language Models Are Human-Level Prompt Engineers [Электронный ресурс]},
  note      = {Режим доступа: \url{https://arxiv.org/abs/2211.01910}. --- Дата доступа: 25.03.2025},
  language  = {english},
}

@Misc{flowgpt:community,
  title     = {FlowGPT [Электронный ресурс]},
  note      = {Режим доступа: \url{https://flowgpt.com}. --- Дата доступа: 25.03.2025},
  language  = {english},
}
@Misc{fastapi:practicum,
  title     = {FastAPI --- что это и зачем нужен: введение в современный веб-фреймворк [Электронный ресурс]},
  note      = {Режим доступа: \url{https://practicum.yandex.ru/blog/fastapi-chto-eto-i-zachem-nuzhen/}. --- Дата доступа: 25.03.2025},
  language  = {russian},
}

@Misc{llama:wiki,
  title     = {LLaMA --- Википедия [Электронный ресурс]},
  note      = {Режим доступа: \url{https://ru.wikipedia.org/wiki/LLaMA}. --- Дата доступа: 25.03.2025},
  language  = {russian},
}

@Misc{fusionbrain:docs,
  title     = {Fusion Brain --- платформа для генерации изображений с помощью нейросети Кандинский [Электронный ресурс]},
  note      = {Режим доступа: \url{https://fusionbrain.ai/docs/doc/api-dokumentaciya/}. --- Дата доступа: 25.03.2025},
  language  = {russian},
}

@Misc{vuejs:wiki,
  title     = {Vue.js --- Википедия [Электронный ресурс]},
  note      = {Режим доступа: \url{https://ru.wikipedia.org/wiki/Vue.js}. --- Дата доступа: 25.03.2025},
  language  = {russian},
}

@Misc{postgresql:wiki,
  title     = {PostgreSQL --- Википедия [Электронный ресурс]},
  note      = {Режим доступа: \url{https://ru.wikipedia.org/wiki/PostgreSQL}. --- Дата доступа: 25.03.2025},
  language  = {russian},
}

@Misc{postgresql:skillfactory,
  title     = {PostgreSQL: что это за СУБД, основы и преимущества [Электронный ресурс]},
  note      = {Режим доступа: \url{https://blog.skillfactory.ru/glossary/postgresql/}. --- Дата доступа: 25.03.2025},
  language  = {russian},
}

@Misc{promptingguide:basics,
  title     = {Основы промптинга | Prompt Engineering Guide [Электронный ресурс]},
  note      = {Режим доступа: \url{https://www.promptingguide.ai/ru/introduction/basics}. --- Дата доступа: 25.03.2025},
  language  = {russian},
}

@Misc{vc:prompt,
  title     = {Искусство написания промптов для ChatGPT и других LLM моделей [Электронный ресурс]},
  note      = {Режим доступа: \url{https://vc.ru/chatgpt/1228166-iskusstvo-napisaniya-promptov-dlya-chatgpt-i-drugih-llm-modelei-26-principov-napisaniya-promptov-dlya-polucheniya-otlichnogo-rezultata}. --- Дата доступа: 25.03.2025},
  language  = {russian},
}

@Misc{huggingface:llama7b,
  title     = {LLaMA 7B GPU Memory Requirement --- Transformers Forum [Электронный ресурс]},
  note      = {Режим доступа: \url{https://discuss.huggingface.co/t/llama-7b-gpu-memory-requirement/34323}. --- Дата доступа: 25.03.2025},
  language  = {english},
}

@Misc{bcrypt:wiki,
  title     = {bcrypt --- Википедия [Электронный ресурс]},
  note      = {Режим доступа: \url{https://ru.wikipedia.org/wiki/Bcrypt}. --- Дата доступа: 25.03.2025},
  language  = {russian},
}

@Misc{habr:jwt,
  title     = {Вы кто такие, я вас не знаю, или Как мы делаем JWT-аутентификацию / Хабр [Электронный ресурс]},
  note      = {Режим доступа: \url{https://habr.com/ru/companies/doubletapp/articles/764424/}. --- Дата доступа: 25.03.2025},
  language  = {russian},
}

@Misc{habr:security,
  title     = {Встроенные механизмы безопасности фреймворков Python / Хабр [Электронный ресурс]},
  note      = {Режим доступа: \url{https://habr.com/ru/companies/ussc/articles/851578/}. --- Дата доступа: 25.03.2025},
  language  = {russian},
}

@Misc{yandex:fastapi,
  title     = {Как FastAPI обеспечивает высокую производительность ... --- Яндекс [Электронный ресурс]},
  note      = {Режим доступа: \url{https://ya.ru/neurum/c/tehnologii/q/kak_fastapi_obespechivaet_vysokuyu_proizvoditelnost_9dc97334}. --- Дата доступа: 25.03.2025},
  language  = {russian},
}

@Misc{easyoffer:fastapi,
  title     = {Чем хорош FastAPI --- Easyoffer [Электронный ресурс]},
  note      = {Режим доступа: \url{https://easyoffer.ru/question/579}. --- Дата доступа: 25.03.2025},
  language  = {russian},
}

@Misc{sitelabs:kandinsky,
  title     = {Kandinsky: нейросеть для создания изображений [Электронный ресурс]},
  note      = {Режим доступа: \url{https://sitelabs.ru/blog/kandinsky/}. --- Дата доступа: 25.03.2025},
  language  = {russian},
}

@Misc{wiki:cosine_similarity,
  title     = {Cosine similarity — Wikipedia [Электронный ресурс]},
  note      = {Режим доступа: \url{https://en.wikipedia.org/wiki/Cosine_similarity}. --- Дата доступа: 15.05.2025},
  language  = {english},
}

@Misc{wiki:euclidean_distance,
  title     = {Euclidean distance — Wikipedia [Электронный ресурс]},
  note      = {Режим доступа: \url{https://en.wikipedia.org/wiki/Euclidean_distance}. --- Дата доступа: 15.05.2025},
  language  = {english},
}

@Misc{wiki:precision_recall,
  title     = {Precision and recall — Wikipedia [Электронный ресурс]},
  note      = {Режим доступа: \url{https://en.wikipedia.org/wiki/Precision_and_recall}. --- Дата доступа: 15.05.2025},
  language  = {english},
}

@Misc{wiki:mrr,
  title     = {Mean Reciprocal Rank — Wikipedia [Электронный ресурс]},
  note      = {Режим доступа: \url{https://en.wikipedia.org/wiki/Mean_reciprocal_rank}. --- Дата доступа: 15.05.2025},
  language  = {english},
}

@Misc{pgvector:github,
  title     = {pgvector: Open-source vector similarity search for Postgres [Электронный ресурс]},
  note      = {Режим доступа: \url{https://github.com/pgvector/pgvector}. --- Дата доступа: 15.05.2025},
  language  = {english},
}

@Misc{metaai:llama3,
  title     = {Introducing Llama 3 — Meta AI Blog [Электронный ресурс]},
  note      = {Режим доступа: \url{https://ai.meta.com/blog/llama-3/}. --- Дата доступа: 15.05.2025},
  language  = {english},
}
